@Article{Gao2023,
  author  = {Gao, Yunfan and Xiong, Yun and Gao, Xinyu and Jia, Kangxiang and Pan, Jinliu and Bi, Yuxi and Dai, Yi and Sun, Jiawei and Wang, Haofen},
  journal = {arXiv preprint arXiv:2312.10997},
  title   = {Retrieval-augmented generation for large language models: A survey},
  year    = {2023},
}

 
@Misc{Straka2014,
  author    = {Straka, Milan and Strakov{\'a}, Jana},
  note      = {{LINDAT}/{CLARIAH}-{CZ} digital library at the Institute of Formal and Applied Linguistics ({{\'U}FAL}), Faculty of Mathematics and Physics, Charles University},
  title     = {English Models (Morphium + {WSJ}) for {MorphoDiTa}},
  year      = {2014},
  copyright = {Attribution-{NonCommercial}-{ShareAlike} 3.0 Unported ({CC} {BY}-{NC}-{SA} 3.0)},
  url       = {http://hdl.handle.net/11858/00-097C-0000-0023-68D9-0},
}

@InProceedings{Strakova2014,
  author    = {Strakov{\'a}, Jana and Straka, Milan and Hajic, Jan},
  booktitle = {Proceedings of 52nd annual meeting of the Association for Computational Linguistics: System demonstrations},
  title     = {Open-source tools for morphology, lemmatization, POS tagging and named entity recognition},
  year      = {2014},
  pages     = {13--18},
}

@Comment{jabref-meta: databaseType:bibtex;}
